@article{Joel_paper,
	author={Murthy, H. S. N. and Sriram, P. S. and George, Joel},
	title={General stuff},
	year={1991},
	journal={ABCD},
	volume={149(1-2)},
	pages={353--374}
}

@book{Raymer_book,
	title={Design},
        author={Raymer, X. Y.},
        publisher={ABC Press},
       	year={1990},
	edition={1}
}

@book{random_book,
	title={Random stuff},
        author={Muthu, X. Y. and Palani, M.},
        publisher={ABC Press},
       	year={1980},
	edition={3}
}

